<record><leader>00000cas a22000007a 4500</leader><controlfield tag="001">19539192</controlfield><controlfield tag="008">890412d19uu1971gaudn ne      0    0eng d</controlfield><datafield ind1=" " ind2=" " tag="010"><subfield code="a">sn 89053138 </subfield></datafield><datafield ind1=" " ind2=" " tag="040"><subfield code="a">NLG</subfield><subfield code="b">eng</subfield><subfield code="c">NLG</subfield><subfield code="d">GUA</subfield><subfield code="d">OCLCQ</subfield><subfield code="d">OCLCF</subfield><subfield code="d">OCLCO</subfield></datafield><datafield ind1="1" ind2=" " tag="029"><subfield code="a">AU@</subfield><subfield code="b">000020566045</subfield></datafield><datafield ind1=" " ind2=" " tag="042"><subfield code="a">msc</subfield></datafield><datafield ind1=" " ind2=" " tag="043"><subfield code="a">n-us-ga</subfield></datafield><datafield ind1="0" ind2="4" tag="245"><subfield code="a">The Cordele dispatch.</subfield></datafield><datafield ind1=" " ind2=" " tag="260"><subfield code="a">Cordele, Ga. :</subfield><subfield code="b">Max E. Land,</subfield><subfield code="c">-[1971]</subfield></datafield><datafield ind1=" " ind2=" " tag="300"><subfield code="a">v.</subfield></datafield><datafield ind1=" " ind2=" " tag="310"><subfield code="a">Daily (except Sat. and Sun.),</subfield><subfield code="b">Feb. 17, 1941-Jan. 8, 1971</subfield></datafield><datafield ind1=" " ind2=" " tag="321"><subfield code="a">Weekly,</subfield><subfield code="b">&lt;Jan. 5, 1916&gt;-May 3, 1916</subfield></datafield><datafield ind1=" " ind2=" " tag="321"><subfield code="a">Semiweekly,</subfield><subfield code="b">May 7, 1916-Nov. 14, 1917</subfield></datafield><datafield ind1=" " ind2=" " tag="321"><subfield code="a">Daily (except Sat.),</subfield><subfield code="b">Nov. 15, 1917-Feb. 16, 1941</subfield></datafield><datafield ind1="0" ind2=" " tag="362"><subfield code="a">-v. 54, no. 58 (Jan. 8, 1971).</subfield></datafield><datafield ind1=" " ind2=" " tag="530"><subfield code="a">Also on microfilm: Athens, Ga. : University of Georgia Libraries, and: Wooster, Ohio : Micro Photo Division, Bell and Howell.</subfield></datafield><datafield ind1=" " ind2=" " tag="580"><subfield code="a">Merged with: Wilcox County chronicle, to form: Cordele dispatch and the Wilcox County chronicle.</subfield></datafield><datafield ind1=" " ind2=" " tag="588"><subfield code="a">Description based on : vol. 7, no. 40 (Jan. 5, 1916).</subfield></datafield><datafield ind1=" " ind2="0" tag="651"><subfield code="a">Cordele (Ga.)</subfield><subfield code="v">Newspapers.</subfield></datafield><datafield ind1=" " ind2="0" tag="651"><subfield code="a">Crisp County (Ga.)</subfield><subfield code="v">Newspapers.</subfield></datafield><datafield ind1=" " ind2="7" tag="655"><subfield code="a">Newspapers.</subfield><subfield code="2">fast</subfield><subfield code="0">(OCoLC)fst01423814</subfield></datafield><datafield ind1=" " ind2="7" tag="651"><subfield code="a">Georgia</subfield><subfield code="z">Cordele.</subfield><subfield code="2">fast</subfield><subfield code="0">(OCoLC)fst01218954</subfield></datafield><datafield ind1=" " ind2="7" tag="651"><subfield code="a">Georgia</subfield><subfield code="z">Crisp County.</subfield><subfield code="2">fast</subfield><subfield code="0">(OCoLC)fst01208350</subfield></datafield><datafield ind1=" " ind2=" " tag="752"><subfield code="a">United States</subfield><subfield code="b">Georgia</subfield><subfield code="c">Crisp</subfield><subfield code="d">Cordele.</subfield></datafield><datafield ind1="0" ind2="5" tag="780"><subfield code="t">Crisp County news</subfield><subfield code="w">(DLC)sn 89053137</subfield><subfield code="w">(OCoLC)19539110</subfield></datafield><datafield ind1="1" ind2="7" tag="785"><subfield code="t">Wilcox County chronicle</subfield><subfield code="w">(DLC)sn 89053136</subfield><subfield code="w">(OCoLC)19539038</subfield></datafield><datafield ind1="1" ind2="7" tag="785"><subfield code="t">Cordele dispatch and the Wilcox County chronicle</subfield><subfield code="w">(DLC)sn 89053139</subfield><subfield code="w">(OCoLC)19539249</subfield></datafield></record>